@misc
{ref1,
author={M1 info promo 2015},
title={Projet d'algorithmique répartie 2015, M1 Info, Université d'Orléans},
month={aug},
year={2015},
note={https://github.com/blgatelierl2/robot}
}

@misc
{ref2,
author={Google for education},
title={Blockly},
month={apr},
year={2015},
note={https://developers.google.com/blockly/}
}

@misc
{ref3,
author={X. HINAULT},
title={Le pcDuino v3 (A20)},
month={jul},
year={2014},
note={http://www.mon-club-elec.fr/pmwiki_mon_club_elec/pmwiki.php?n=MAIN.PCDUINO}
}